<?xml version="1.0" encoding="UTF-8"?><collection xmlns="http://www.loc.gov/MARC21/slim"><record><leader>00373nam--2200133-i-4500</leader><controlfield tag="001">000024477</controlfield><controlfield tag="002">20161230</controlfield><controlfield tag="005">20170103172624</controlfield><controlfield tag="008">060222s1000------------r-----000-0-eng-d</controlfield><datafield ind1=" " ind2=" " tag="100"><subfield code="a">Kosaku, Yosida</subfield></datafield><datafield ind1=" " ind2=" " tag="245"><subfield code="a">Grundlehren der mathematischen wissenschaften 123: Functional analysis</subfield></datafield><datafield ind1=" " ind2=" " tag="260"><subfield code="a">Berlin</subfield><subfield code="b">Springer-Verlag</subfield><subfield code="c">1978</subfield></datafield><datafield ind1=" " ind2=" " tag="852"><subfield code="a">75803</subfield></datafield><datafield ind1=" " ind2=" " tag="CAT"><subfield code="a">SYS</subfield><subfield code="c">20170103</subfield><subfield code="h">172624</subfield></datafield></record></collection>